@article{bui2011epidemiology,
  title={Epidemiology and risk profile of heart failure},
  author={Bui, Anh L and Horwich, Tamara B and Fonarow, Gregg C},
  journal={Nature Reviews Cardiology},
  volume={8},
  number={1},
  pages={30--41},
  year={2011},
  publisher={Nature Publishing Group}
}

@book{Farahani:2008:ZWN:1457417,
 author = {Farahani, Shahin},
 title = {ZigBee Wireless Networks and Transceivers},
 year = {2008},
 isbn = {0750683937, 9780750683937},
 publisher = {Newnes},
 address = {Newton, MA, USA},
} 

@book{heydon2012bluetooth,
  title={Bluetooth low energy: the developer's handbook},
  author={Heydon, Robin},
  year={2012},
  publisher={Prentice Hall}
}

@article{zaloker2014ant,
  title={ANT/ANT+},
  author={Zaloker, Joseph},
  journal={Arrow M2M representative},
  year={2014}
}

@INPROCEEDINGS{4761985, 
author={Surie, D. and Laguionie, O. and Pederson, T.}, 
booktitle={Intelligent Sensors, Sensor Networks and Information Processing, 2008. ISSNIP 2008. International Conference on}, 
title={Wireless sensor networking of everyday objects in a smart home environment}, 
year={2008}, 
pages={189-194}, 
keywords={home automation;protocols;ubiquitous computing;wireless sensor networks;ZigBee communication protocol;information processing;object sensing;reliable data communication;smart home environment;ubiquitous computing;wireless sensor network;Background noise;Data communication;Indoor environments;Information processing;Intelligent sensors;Smart homes;Wireless application protocol;Wireless communication;Wireless sensor networks;ZigBee;intelligent environments;smart objects;ubiquitous computing;wireless sensor networking}, 
doi={10.1109/ISSNIP.2008.4761985}, 
month={Dec},
}

@INPROCEEDINGS{5333913, 
author={Kyriacou, E.C. and Pattichis, C.S. and Pattichis, M.S.}, 
booktitle={Engineering in Medicine and Biology Society, 2009. EMBC 2009. Annual International Conference of the IEEE}, 
title={An overview of recent health care support systems for eEmergency and mHealth applications}, 
year={2009}, 
pages={1246-1249}, 
keywords={electrocardiography;emergency services;health care;mobile communication;telemedicine;video communication;2D image transmission;AD 2000;ECG signal;eEmergency;health care support system;mHealth;mobile communications;telemedicine;video transmission;Biomedical Engineering;Cellular Phone;Computer Communication Networks;Delivery of Health Care;Emergency Medical Services;Humans;Internet;Remote Consultation;Telemedicine}, 
doi={10.1109/IEMBS.2009.5333913}, 
ISSN={1557-170X}, 
month={Sept},}

@inproceedings{mehmood2014ontology,
  title={An Ontology Driven Software Framework for the Healthcare Applications Based on ANT+ Protocol},
  author={Mehmood, Nadeem Qaisar and Culmone, Rosario and Mostarda, Leonardo},
  booktitle={Advanced Information Networking and Applications Workshops (WAINA), 2014 28th International Conference on},
  pages={245--250},
  year={2014},
  organization={IEEE}
}

